@book{arnoldbubble,
  title={A stable finite element for the Stokes equations},
  author={D. N. Arnold, F. Brezzi, M. Fortin},
  year={1984},
  publisher={Estratto da Calcolo Vol XXI}
}

@book{fortin,
  title={An analysis of the convergence of mixed finite element methods},
  author={M. Fortin},
  year={1977},
  publisher={RAIRO Anal}
}

@book{fortina,
  title={An analysis of the converbgence of mixed finite element methods},
  author={M. Fortin},
  year={1977},
  publisher={RAIRO Anal}
}

@book{fortinb,
  title={An analysis of the conveagence of mixed finite element methods},
  author={M. Fortin},
  year={1977},
  publisher={RAIRO Anal}
}

